# Daniel's master's thesis (initial implementation of handlers in Links)
@MastersThesis{Hillerstrom15,
    author     =     {Daniel Hillerström},
    title      =     {Handlers for Algebraic Effects in {Links}},
    school     =     {School of Informatics, the University of Edinburgh},
    address    =     {Scotland},
    month      =     aug,
    year       =     2015
}

# Daniel's master's thesis (abstract message-passing concurrency model, compilation of handlers)
@MastersThesis{Hillerstrom16,
    author     =     {Daniel Hillerström},
    title      =     {Compilation of Effect Handlers and their Applications in Concurrency},
    school     =     {School of Informatics, the University of Edinburgh},
    address    =     {Scotland},
    month      =     aug,
    year       =     2016,
}

# OCaml handlers
@misc{DolanWSYM15,
  title = {Effective Concurrency through Algebraic Effects},
  author = {Stephen Dolan and Leo White and {KC} Sivaramakrishnan and Jeremy Yallop and Anil Madhavapeddy},
  year = 2015,
  howpublished = {OCaml Workshop}
}

@misc{DolanWM14,
  title = {Multicore {OCaml}},
  author = {Stephen Dolan and Leo White and Anil Madhavapeddy},
  year  = {2014},
  howpublished = {OCaml Workshop}
}

# Efficient one-shot continuations
@inproceedings{BruggemanWD96,
  author    = {Carl Bruggeman and
               Oscar Waddell and
               R. Kent Dybvig},
  OPTeditor    = {Charles N. Fischer},
  title     = {Representing Control in the Presence of One-Shot Continuations},
  booktitle = {PLDI},
  pages     = {99--107},
  publisher = {{ACM}},
  year      = {1996},
  month     = may,
  OPTurl       = {http://doi.acm.org/10.1145/231379.231395},
  OPTdoi       = {10.1145/231379.231395},
  timestamp = {Mon, 21 May 2012 16:19:53 +0200},
  biburl    = {http://dblp.uni-trier.de/rec/bib/conf/pldi/BruggemanWD96},
  bibsource = {dblp computer science bibliography, http://dblp.org}
}

# Links compiler + Multicore OCaml
@Misc{HillerstromLS16,
  author = {Daniel Hillerström and Sam Lindley and KC Sivaramakrishnan},
  title  = {Compiling {Links} Effect Handlers to the {OCaml} Backend},
  year   = {2016},
  optmonth  = sep,
  howpublished = {{ML Workshop}}
}

# Core references on algebraic effects and handlers
@article{PlotkinP13,
  author    = {Gordon D. Plotkin and
               Matija Pretnar},
  title     = {Handling Algebraic Effects},
  journal   = {Logical Methods in Computer Science},
  volume    = {9},
  number    = {4},
  year      = {2013},
  OPTurl       = {http://dx.doi.org/10.2168/LMCS-9(4:23)2013},
  OPTdoi       = {10.2168/LMCS-9(4:23)2013},
  timestamp = {Thu, 31 Aug 4448958 16:06:56 +},
  biburl    = {http://dblp.uni-trier.de/rec/bib/journals/corr/PlotkinP13},
  bibsource = {dblp computer science bibliography, http://dblp.org}
}

@article{PlotkinP03,
  author    = {Gordon D. Plotkin and
               John Power},
  title     = {Algebraic Operations and Generic Effects},
  journal   = {Applied Categorical Structures},
  volume    = {11},
  number    = {1},
  pages     = {69--94},
  year      = {2003},
  OPTurl       = {http://dx.doi.org/10.1023/A:1023064908962},
  OPTdoi       = {10.1023/A:1023064908962},
  timestamp = {Mon, 29 May 2006 12:06:44 +0200},
  biburl    = {http://dblp.uni-trier.de/rec/bib/journals/acs/PlotkinP03},
  bibsource = {dblp computer science bibliography, http://dblp.org}
}

@inproceedings{PlotkinP01,
  author    = {Gordon D. Plotkin and
               John Power},
  OPTeditor    = {Furio Honsell and
               Marino Miculan},
  title     = {Adequacy for Algebraic Effects},
  booktitle = {FOSSACS},
  OPTseries    = {Lecture Notes in Computer Science},
  OPTvolume    = {2030},
  pages     = {1--24},
  publisher = {Springer},
  year      = {2001},
  month     = apr,
  OPTurl       = {http://dx.doi.org/10.1007/3-540-45315-6_1},
  OPTdoi       = {10.1007/3-540-45315-6_1},
  timestamp = {Mon, 27 Jun 2011 17:48:06 +0200},
  biburl    = {http://dblp.uni-trier.de/rec/bib/conf/fossacs/PlotkinP01},
  bibsource = {dblp computer science bibliography, http://dblp.org}
}

@phdthesis{Pretnar10,
  author    = {Matija Pretnar},
  title     = {Logic and handling of algebraic effects},
  school    = {University of Edinburgh, {UK}},
  year      = {2010}
}

# Other algebraic effects and handlers
@InProceedings{Lindley14,
  author    = {Sam Lindley},
  editor    = {Jos{\'{e}} Pedro Magalh{\~{a}}es and
               Tiark Rompf},
  title     = {Algebraic effects and effect handlers for idioms and arrows},
  booktitle = {Proceedings of the 10th {ACM} {SIGPLAN} workshop on Generic programming,
               {WGP} 2014, Gothenburg, Sweden, August 31, 2014},
  pages     = {47--58},
  publisher = {{ACM}},
  year      = {2014},
  OPTurl       = {http://doi.acm.org/10.1145/2633628.2633636},
  OPTdoi       = {10.1145/2633628.2633636},
  timestamp = {Thu, 25 Jun 2015 13:50:37 +0200},
  biburl    = {http://dblp.uni-trier.de/rec/bib/conf/icfp/Lindley14},
  bibsource = {dblp computer science bibliography, http://dblp.org}
}

@article{Pretnar15,
  author    = {Matija Pretnar},
  title     = {An Introduction to Algebraic Effects and Handlers. Invited tutorial
               paper},
  journal   = {Electronic Notes in Theoretical Computer Science},
  volume    = {319},
  pages     = {19--35},
  year      = {2015},
  OPTurl       = {http://dx.doi.org/10.1016/j.entcs.2015.12.003},
  OPTdoi       = {10.1016/j.entcs.2015.12.003},
  timestamp = {Tue, 29 Dec 2015 10:17:02 +0100},
  biburl    = {http://dblp.uni-trier.de/rec/bib/journals/entcs/Pretnar15},
  bibsource = {dblp computer science bibliography, http://dblp.org}
}

@article{KammarP17,
  author = {Ohad Kammar and Matija Pretnar},
  title  = {No value restriction is needed for algebraic effects and handlers},
  journal = {Journal of Functional Programming},
  year    = 2017,
  OPTdoi = {https://doi.org/10.1017/S0956796816000320},
  volume = 27
}

@article{ForsterKLP16,
  author    = {Yannick Forster and
               Ohad Kammar and
               Sam Lindley and
               Matija Pretnar},
  title     = {On the Expressive Power of User-Defined Effects: Effect Handlers,
               Monadic Reflection, Delimited Control},
  journal   = {CoRR},
  volume    = {abs/1610.09161},
  year      = {2016}
}

@inproceedings{KammarP12,
  author    = {Ohad Kammar and
               Gordon D. Plotkin},
  title     = {Algebraic foundations for effect-dependent optimisations},
  booktitle = {{POPL}},
  pages     = {349--360},
  publisher = {{ACM}},
  year      = {2012}
}

# Eff
@article{BauerP15,
  author    = {Andrej Bauer and
               Matija Pretnar},
  title     = {Programming with algebraic effects and handlers},
  journal   = {Journal of Logical and Algebraic Methods in Programming},
  volume    = {84},
  number    = {1},
  pages     = {108--123},
  year      = {2015},
  OPTurl       = {http://dx.doi.org/10.1016/j.jlamp.2014.02.001},
  OPTdoi       = {10.1016/j.jlamp.2014.02.001},
  timestamp = {Wed, 07 Jan 2015 15:54:11 +0100},
  biburl    = {http://dblp.uni-trier.de/rec/bib/journals/jlp/BauerP15},
  bibsource = {dblp computer science bibliography, http://dblp.org}
}

@article{BauerP13,
  author    = {Andrej Bauer and
               Matija Pretnar},
  title     = {An Effect System for Algebraic Effects and Handlers},
  journal   = {Logical Methods in Computer Science},
  volume    = {10},
  number    = {4},
  year      = {2014}
}


@inproceedings{KiselyovS16,
  author    = {Oleg Kiselyov and {KC} Sivaramakrishnan},
  title     = {{Eff} Directly in {OCaml}},
  howpublished = {{ML Workshop}},
  year      = {2016},
}

# Idris
@inproceedings{Brady13,
  author    = {Edwin Brady},
  title     = {Programming and reasoning with algebraic effects and dependent types},
  booktitle = {{ICFP}},
  pages     = {133--144},
  publisher = {{ACM}},
  year      = {2013}
}

@inproceedings{Brady14,
  author    = {Edwin Brady},
  title     = {Resource-Dependent Algebraic Effects},
  booktitle = {Trends in Functional Programming},
  OPTseries    = {Lecture Notes in Computer Science},
  volume    = {8843},
  pages     = {18--33},
  publisher = {Springer},
  year      = {2014}
}

# Leo's HOPE talk
@misc{White16,
  author = {Leo White},
  title  = {Effective programming: bringing algebraic effects and handlers to {OCaml}},
  year   = 2016,
  optmonth  = sep,
  howpublished = {Keynote at {HOPE}, Nara, Japan}
}

# Implementation of effect handlers in Links
@InProceedings{HillerstromL16,
  author = {Daniel Hillerström and Sam Lindley},
  title  = {Liberating Effects with Rows and Handlers},
  year   = 2016,
  booktitle = {TyDe'16},  
  month  = sep,
  pages = {15--27},
  numpages = {13},
  OPTurl = {http://doi.acm.org/10.1145/2976022.2976033},
  OPTdoi = {10.1145/2976022.2976033},
  acmid = {2976033},
  publisher = {ACM},
  keywords = {abstract machine semantics, algebraic effects, delimited control, effect handlers, effect typing, operational semantics},
}

# Frank
@inproceedings{LindleyMM17,
  author    = {Sam Lindley and
               Conor McBride and
               Craig McLaughlin},
  title     = {Do be do be do},
  booktitle = {{POPL}},
  pages     = {500--514},
  publisher = {{ACM}},
  year      = {2017}
}

# Shonky
@misc{McBride16,
  title={Shonky},
  author={Conor McBride},
  year=2016,
  url={https://github.com/pigworker/shonky}
}

# Koka
@inproceedings{Leijen14,
  author    = {Daan Leijen},
  title     = {{Koka}: Programming with Row Polymorphic Effect Types},
  booktitle = {{MSFP}},
  series    = {{EPTCS}},
  volume    = {153},
  pages     = {100--126},
  year      = {2014}
}

@techreport{Leijen16,
  author = {Daan Leijen},
  title  = {Algebraic effects for {Functional} {Programming}},
  year   = 2016,
  month  = dec,
  institution = {Microsoft Research},
  number = {MSR-TR-2016-29},
  note = {Extended version of "Type directed compilation of row-typed algebraic effects"},
  url  = {https://www.microsoft.com/en-us/research/wp-content/uploads/2016/08/algeff-tr-2016-v3.pdf}
}

@inproceedings{Leijen17,
  author    = {Daan Leijen},
  title     = {Type directed compilation of row-typed algebraic effects},
  booktitle = {{POPL}},
  pages     = {486--499},
  publisher = {{ACM}},
  year      = {2017}
}

# Haskell implementations
@inproceedings{KiselyovSS13,
  author    = {Oleg Kiselyov and
               Amr Sabry and
               Cameron Swords},
  title     = {Extensible effects: an alternative to monad transformers},
  booktitle = {Haskell Symposium},
  pages     = {59--70},
  publisher = {{ACM}},
  year      = {2013},
  month     = sep,
  OPTurl       = {http://doi.acm.org/10.1145/2503778.2503791},
  OPTdoi       = {10.1145/2503778.2503791},
  timestamp = {Thu, 19 Sep 2013 11:34:51 +0200},
  biburl    = {http://dblp.uni-trier.de/rec/bib/conf/haskell/KiselyovSS13},
  bibsource = {dblp computer science bibliography, http://dblp.org}
}

@inproceedings{KiselyovI15,
  author    = {Oleg Kiselyov and
               Hiromi Ishii},
  editor    = {Ben Lippmeier},
  title     = {Freer monads, more extensible effects},
  booktitle = {Haskell Symposium},
  pages     = {94--105},
  publisher = {{ACM}},
  year      = {2015},
  month     = sep,
  OPTurl       = {http://doi.acm.org/10.1145/2804302.2804319},
  OPTdoi       = {10.1145/2804302.2804319},
  timestamp = {Tue, 08 Sep 2015 17:07:32 +0200},
  biburl    = {http://dblp.uni-trier.de/rec/bib/conf/haskell/KiselyovI15},
  bibsource = {dblp computer science bibliography, http://dblp.org}
}

@inproceedings{Kiselyov16,
  author    = {Oleg Kiselyov},
  title     = {Parameterized extensible effects and session types (extended abstract)},
  booktitle = {TyDe'16},
  pages     = {41--42},
  publisher = {{ACM}},
  year      = {2016},
  month     = sep
}

@inproceedings{KammarLO13,
  author    = {Ohad Kammar and
               Sam Lindley and
               Nicolas Oury},
  OPTeditor    = {Greg Morrisett and
               Tarmo Uustalu},
  title     = {Handlers in action},
  booktitle = {ICFP},
  pages     = {145--158},
  publisher = {{ACM}},
  year      = {2013},
  month     = sep,
  OPTurl       = {http://doi.acm.org/10.1145/2500365.2500590},
  OPTdoi       = {10.1145/2500365.2500590},
  timestamp = {Thu, 19 Sep 2013 11:26:38 +0200},
  biburl    = {http://dblp.uni-trier.de/rec/bib/conf/icfp/KammarLO13},
  bibsource = {dblp computer science bibliography, http://dblp.org}
}

@inproceedings{WuSH14,
  author    = {Nicolas Wu and
               Tom Schrijvers and
               Ralf Hinze},
  OPTeditor    = {Wouter Swierstra},
  title     = {Effect handlers in scope},
  booktitle = {Haskell Symposium},
  pages     = {1--12},
  publisher = {{ACM}},
  year      = {2014},
  month     = sep,
  OPTurl       = {http://doi.acm.org/10.1145/2633357.2633358},
  OPTdoi       = {10.1145/2633357.2633358},
  timestamp = {Mon, 08 Sep 2014 16:12:17 +0200},
  biburl    = {http://dblp.uni-trier.de/rec/bib/conf/haskell/WuSH14},
  bibsource = {dblp computer science bibliography, http://dblp.org}
}


@inproceedings{WuS15,
  author    = {Nicolas Wu and
               Tom Schrijvers},
  OPTeditor    = {Ralf Hinze and
               Janis Voigtl{\"{a}}nder},
  title     = {Fusion for Free - Efficient Algebraic Effect Handlers},
  booktitle = {MPC},
  OPTseries    = {Lecture Notes in Computer Science},
  OPTvolume    = {9129},
  pages     = {302--322},
  publisher = {Springer},
  year      = {2015},
  month     = jun,
  OPTurl       = {http://dx.doi.org/10.1007/978-3-319-19797-5_15},
  OPTdoi       = {10.1007/978-3-319-19797-5_15},
  timestamp = {Tue, 09 Jun 2015 13:13:03 +0200},
  biburl    = {http://dblp.uni-trier.de/rec/bib/conf/mpc/WuS15},
  bibsource = {dblp computer science bibliography, http://dblp.org}
}

# Prolog
@article{SchrijversDDW13,
  author    = {Tom Schrijvers and
               Bart Demoen and
               Benoit Desouter and
               Jan Wielemaker},
  title     = {Delimited continuations for {Prolog}},
  journal   = {{TPLP}},
  volume    = {13},
  number    = {4-5},
  pages     = {533--546},
  year      = {2013}
}

@article{SalehS16,
  author    = {Amr Hany Saleh and
               Tom Schrijvers},
  title     = {Efficient algebraic effect handlers for {Prolog}},
  journal   = {{TPLP}},
  volume    = {16},
  number    = {5-6},
  pages     = {884--898},
  year      = {2016}
}

# References on Links
@inproceedings{CooperLWY06,
  author    = {Ezra Cooper and
               Sam Lindley and
               Philip Wadler and
               Jeremy Yallop},
  OPTeditor    = {Frank S. de Boer and
               Marcello M. Bonsangue and
               Susanne Graf and
               Willem P. de Roever},
  title     = {Links: Web Programming Without Tiers},
  booktitle = {FMCO},
  OPTseries    = {Lecture Notes in Computer Science},
  OPTvolume    = {4709},
  pages     = {266--296},
  publisher = {Springer},
  year      = {2006},
  OPTurl       = {http://dx.doi.org/10.1007/978-3-540-74792-5_12},
  OPTdoi       = {10.1007/978-3-540-74792-5_12},
  timestamp = {Thu, 07 Aug 2008 14:36:41 +0200},
  biburl    = {http://dblp.uni-trier.de/rec/bib/conf/fmco/CooperLWY06},
  bibsource = {dblp computer science bibliography, http://dblp.org}
}

@inproceedings{LindleyC12,
  author    = {Sam Lindley and
               James Cheney},
  title     = {Row-based effect types for database integration},
  booktitle = {TLDI},
  pages     = {91--102},
  publisher = {{ACM}},
  year      = {2012},
  OPTurl       = {http://doi.acm.org/10.1145/2103786.2103798},
  OPTdoi       = {10.1145/2103786.2103798},
  timestamp = {Fri, 18 May 2012 21:47:05 +0200},
  biburl    = {http://dblp.uni-trier.de/rec/bib/conf/tldi/LindleyC12},
  bibsource = {dblp computer science bibliography, http://dblp.org}
}

# Monads
@article{Atkey09,
  author    = {Robert Atkey},
  title     = {Parameterised notions of computation},
  journal   = {Journal of Functional Programming},
  volume    = {19},
  number    = {3-4},
  pages     = {335--376},
  year      = {2009}
}

@inproceedings{Moggi89,
  author    = {Eugenio Moggi},
  title     = {Computational Lambda-Calculus and Monads},
  booktitle = {{LICS}},
  pages     = {14--23},
  publisher = {{IEEE} Computer Society},
  year      = {1989}
}

@article{Moggi91,
  author    = {Eugenio Moggi},
  title     = {Notions of Computation and Monads},
  journal   = {Inf. Comput.},
  volume    = {93},
  number    = {1},
  pages     = {55--92},
  year      = {1991}
}

@inproceedings{Wadler92,
  author    = {Philip Wadler},
  title     = {The Essence of Functional Programming},
  booktitle = {{POPL}},
  pages     = {1--14},
  publisher = {{ACM} Press},
  year      = {1992}
}

@inproceedings{Wadler95,
  author    = {Philip Wadler},
  title     = {Monads for Functional Programming},
  booktitle = {Advanced Functional Programming},
  OPTseries    = {Lecture Notes in Computer Science},
  volume    = {925},
  pages     = {24--52},
  publisher = {Springer},
  year      = {1995}
}

@article{WadlerT03,
  author    = {Philip Wadler and
               Peter Thiemann},
  title     = {The marriage of effects and monads},
  journal   = {{ACM} Trans. Comput. Log.},
  volume    = {4},
  number    = {1},
  pages     = {1--32},
  year      = {2003}
}

@article{Swierstra08,
  author    = {Wouter Swierstra},
  title     = {Data types {\`{a}} la carte},
  journal   = {Journal of Functional Programming},
  volume    = {18},
  number    = {4},
  pages     = {423--436},
  year      = {2008}
}

@inproceedings{LiangHJ95,
  author    = {Sheng Liang and
               Paul Hudak and
               Mark P. Jones},
  title     = {Monad Transformers and Modular Interpreters},
  booktitle = {{POPL}},
  pages     = {333--343},
  publisher = {{ACM} Press},
  year      = {1995}
}

@techreport{SchrijversPWJ,
  author = {Tom Schrijvers and
            Maciej Piróg and
            Nicolas Wu and
            Mauro Jaskelioff},
  title  = {{Monad} {Transformers} and Modular Algebraic Effects: What Binds Them Together},
  number = {CW 699},
  year   = 2016,
  month  = sep,
  institution = {Department of Computer Science, KU Leuven},
  url    = {https://lirias.kuleuven.be/bitstream/123456789/551419/1/CW699.pdf}
}

@inproceedings{SwamyGLH11,
  author    = {Nikhil Swamy and
               Nataliya Guts and
               Daan Leijen and
               Michael Hicks},
  title     = {Lightweight monadic programming in {ML}},
  booktitle = {{ICFP}},
  pages     = {15--27},
  publisher = {{ACM}},
  year      = {2011}
}

# Type and effect systems
@phdthesis{Kammar14,
  author    = {Ohad Kammar},
  title     = {Algebraic theory of type-and-effect systems},
  school    = {University of Edinburgh, {UK}},
  year      = {2014}
}

@inproceedings{NielsonN99,
  author    = {Flemming Nielson and
               Hanne Riis Nielson},
  title     = {Type and Effect Systems},
  booktitle = {Correct System Design},
  series    = {Lecture Notes in Computer Science},
  volume    = {1710},
  pages     = {114--136},
  publisher = {Springer},
  year      = {1999}
}

@misc{GoslingJSBB96,
  author    = {James Gosling and
               William N. Joy and
               Guy L. {Steele Jr.} and
               Gilad Bracha and
               Alex Buckley},
  title     = {The {Java} Language Specification},
  year      = {2016},
  month     = 2,
  url       = {https://docs.oracle.com/javase/specs/jls/se8/jls8.pdf}
}

# A-normal form
@InProceedings{FlanaganSDF93,
 author = {Cormac Flanagan and Amr Sabry and Bruce F. Duba and Matthias Felleisen},
 title = {The Essence of Compiling with Continuations},
 booktitle = {PLDI},
 OPTseries = {PLDI '93},
 year = {1993},
 OPTisbn = {0-89791-598-4},
 OPTlocation = {Albuquerque, New Mexico, USA},
 pages = {237--247},
 numpages = {11},
 OPTurl = {http://doi.acm.org/10.1145/155090.155113},
 OPTdoi = {10.1145/155090.155113},
 acmid = {155113},
 publisher = {ACM},
 OPTaddress = {New York, NY, USA},
}

@inproceedings{SabryW96,
  author    = {Amr Sabry and
               Philip Wadler},
  OPTeditor    = {Robert Harper and
               Richard L. Wexelblat},
  title     = {A Reflection on Call-by-Value},
  booktitle = {ICFP},
  pages     = {13--24},
  publisher = {{ACM}},
  year      = {1996},
  month     = may,
  OPTurl       = {http://doi.acm.org/10.1145/232627.232631},
  OPTdoi       = {10.1145/232627.232631},
  timestamp = {Tue, 11 Jun 2013 13:54:16 +0200},
  biburl    = {http://dblp.uni-trier.de/rec/bib/conf/icfp/SabryW96},
  bibsource = {dblp computer science bibliography, http://dblp.org}
}

# fine-grained call-by-value
@article{LevyPT03,
  author    = {Paul Blain Levy and
               John Power and
               Hayo Thielecke},
  title     = {Modelling environments in call-by-value programming languages},
  journal   = {Information and Computation},
  volume    = {185},
  number    = {2},
  pages     = {182--210},
  year      = {2003},
  OPTurl       = {http://dx.doi.org/10.1016/S0890-5401(03)00088-9},
  OPTdoi       = {10.1016/S0890-5401(03)00088-9},
  timestamp = {Thu, 20 Nov 2003 12:03:17 +0100},
  biburl    = {http://dblp.uni-trier.de/rec/bib/journals/iandc/LevyPT03},
  bibsource = {dblp computer science bibliography, http://dblp.org}
}

# CPS
@inproceedings{DanvyF90,
  author    = {Olivier Danvy and
               Andrzej Filinski},
  title     = {Abstracting Control},
  booktitle = {{LISP} and Functional Programming},
  pages     = {151--160},
  year      = {1990}
}

@inproceedings{Kennedy07,
  author    = {Andrew Kennedy},
  editor    = {Ralf Hinze and
               Norman Ramsey},
  title     = {Compiling with continuations, continued},
  booktitle = {ICFP},
  pages     = {177--190},
  publisher = {{ACM}},
  year      = {2007},
  month     = oct,
  OPTurl       = {http://doi.acm.org/10.1145/1291151.1291179},
  OPTdoi       = {10.1145/1291151.1291179},
  timestamp = {Tue, 06 Nov 2007 12:48:33 +0100},
  biburl    = {http://dblp.uni-trier.de/rec/bib/conf/icfp/Kennedy07},
  bibsource = {dblp computer science bibliography, http://dblp.org}
}

@inproceedings{MaterzokB11,
  author    = {Marek Materzok and
               Dariusz Biernacki},
  title     = {Subtyping delimited continuations},
  booktitle = {{ICFP}},
  pages     = {81--93},
  publisher = {{ACM}},
  year      = {2011}
}

@inproceedings{MaterzokB12,
  author    = {Marek Materzok and
               Dariusz Biernacki},
  title     = {A Dynamic Interpretation of the {CPS} Hierarchy},
  booktitle = {{APLAS}},
  OPTseries    = {Lecture Notes in Computer Science},
  volume    = {7705},
  pages     = {296--311},
  publisher = {Springer},
  year      = {2012}
}

# Applications of handlers
@inproceedings{VandenbrouckeSP15,
  author    = {Alexander Vandenbroucke and
               Tom Schrijvers and
               Frank Piessens},
  title     = {Fixing non-determinism},
  booktitle = {{IFL}},
  pages     = {5:1--5:12},
  publisher = {{ACM}},
  year      = {2015}
}

# 1ML
@inproceedings{Rossberg15,
  author    = {Andreas Rossberg},
  title     = {{1ML} - core and modules united ({F}-ing first-class modules)},
  booktitle = {{ICFP}},
  pages     = {35--47},
  publisher = {{ACM}},
  year      = {2015}
}

@inproceedings{Rossberg16,
  author    = {Andreas Rossberg},
  title     = {{1ML} with Special Effects - {F}-ing Generativity Polymorphism},
  booktitle = {A List of Successes That Can Change the World},
  OPTseries    = {Lecture Notes in Computer Science},
  volume    = {9600},
  pages     = {336--355},
  publisher = {Springer},
  year      = {2016}
}

# Row types
@incollection{Remy94,
 author = {R{\'e}my, Didier},
 chapter = {Type Inference for Records in Natural Extension of {ML}},
 title = {Theoretical Aspects of Object-oriented Programming},
 OPTeditor = {Gunter, Carl A. and Mitchell, John C.},
 year = {1994},
 isbn = {0-262-07155-X},
 pages = {67--95},
 numpages = {29},
 OPTurl = {http://dl.acm.org/citation.cfm?id=186677.186689},
 acmid = {186689},
 publisher = {MIT Press},
 address = {Cambridge, MA, USA},
}

# CBPV
@phdthesis{Levy01,
  author    = {Paul Blain Levy},
  title     = {Call-by-push-value},
  school    = {Queen Mary University of London, {UK}},
  year      = {2001}
}

# Haskell
@misc{JonesABBBFHHHHJJLMPRRW02,
  author = {Simon Peyton Jones and
            Lennart Augustsson and
            Dave Barton and
            Brian Boutel and
            Warren Burton and
            Joseph Fasel and
            Kevin Hammond and
            Ralf Hinze and
            Paul Hudak and
            John Hughes and
            Thomas Johnsson and
            Mark Jones and
            John Launchbury and
            Erik Meijer and
            John Peterson and
            Colin Runciman and
            Philip Wadler},
  title = {The {Haskell} 98 Language Report},
  year  = 2002,
  month = dec,
  note  = {The revised report},
  url   = {https://www.haskell.org/onlinereport/}
}