# My own stuff
@inproceedings{HillerstromL16,
  author    = {Daniel Hillerström and
               Sam Lindley},
  title     = {Liberating Effects with Rows and Handlers},
  booktitle = {{TyDe'16}},
  pages     = {15--27},
  publisher = {{ACM}},
  year      = {2016},
  month     = sep
}

@misc{HillerstromLS16,
  author    = {Daniel Hillerström and
               Sam Lindley and
	       KC Sivaramakrishnan},
  title     = {Compiling {Links} Effect Handlers to the {OCaml} Backend},
  howpublished = {{ML Workshop}},
  year      = {2016},
}

@misc{Hillerstrom16a,
  author = {Daniel Hillerström},
  title  = {First-Class Message-Passing Concurrency with Handlers},
  howpublished   = {Student Research Competition Entry},
  note = {{ICFP SRC}},
  year   = {2016},
}

@MastersThesis{Hillerstrom16b,
    author     =     {Daniel Hillerström},
    title      =     {Compilation of Effect Handlers and their Applications in Concurrency},
    school     =     {School of Informatics, the University of Edinburgh},
    address    =     {Scotland},
    month      =     aug,
    year       =     2016
}

@MastersThesis{Hillerstrom15,
    author     =     {Daniel Hillerström},
    title      =     {Handlers for Algebraic Effects in {Links}},
    school     =     {School of Informatics, the University of Edinburgh},
    address    =     {Scotland},
    month      =     aug,
    year       =     2015
}

# Theory of algebraic effects and handlers
@Misc{PlotkinP13,
  author    = {Gordon D. Plotkin and
               Matija Pretnar},
  title     = {Handling Algebraic Effects},
  howpublished  = {Logical Methods in Computer Science},
  year      = 2013
}

@inproceedings{PlotkinP01a,
  author    = {Gordon D. Plotkin and
               John Power},
  title     = {Adequacy for Algebraic Effects},
  booktitle = {FoSSaCS},
  series    = {Lecture Notes in Computer Science},
  volume    = {2030},
  pages     = {1--24},
  publisher = {Springer},
  year      = {2001}
}

@article{PlotkinP01b,
  author    = {Gordon D. Plotkin and
               John Power},
  title     = {Semantics for Algebraic Operations},
  journal   = {Electr. Notes Theor. Comput. Sci.},
  volume    = {45},
  pages     = {332--345},
  year      = {2001}
}


@article{PlotkinP03,
  author    = {Gordon D. Plotkin and
               John Power},
  title     = {Algebraic Operations and Generic Effects},
  journal   = {Applied Categorical Structures},
  volume    = {11},
  number    = {1},
  pages     = {69--94},
  year      = {2003},
  OPTurl       = {http://dx.doi.org/10.1023/A:1023064908962},
  OPTdoi       = {10.1023/A:1023064908962},
  timestamp = {Mon, 29 May 2006 12:06:44 +0200},
  biburl    = {http://dblp.uni-trier.de/rec/bib/journals/acs/PlotkinP03},
  bibsource = {dblp computer science bibliography, http://dblp.org}
}

# Koka
@inproceedings{Leijen14,
  author    = {Daan Leijen},
  title     = {{Koka}: Programming with Row Polymorphic Effect Types},
  booktitle = {{MSFP}},
  series    = {{EPTCS}},
  volume    = {153},
  pages     = {100--126},
  year      = {2014}
}

@TechReport{Leijen16,
  author = {Daan Leijen},
  title  = {Algebraic Effects for Functional Programming},
  year   = 2016,
  institution = {Microsoft Research},
  note   = {To appear at {POPL}'17},
  url    = {https://www.microsoft.com/en-us/research/wp-content/uploads/2016/08/algeff-tr-2016-v2.pdf}
}

# Frank
@misc{LindleyMM16,
 author = {Sam Lindley and Conor McBride and Craig McLaughlin},
 title  = {Do Be Do Be Do},
 year   = 2016,
 url    = {http://homepages.inf.ed.ac.uk/slindley/papers/frankly.pdf},
 note   = {To appear at POPL'17}
}

# Idris
@inproceedings{Brady13,
  author    = {Edwin Brady},
  title     = {Programming and reasoning with algebraic effects and dependent types},
  booktitle = {{ICFP}},
  pages     = {133--144},
  publisher = {{ACM}},
  year      = {2013}
}

@inproceedings{Brady14,
  author    = {Edwin Brady},
  title     = {Resource-Dependent Algebraic Effects},
  booktitle = {Trends in Functional Programming},
  series    = {Lecture Notes in Computer Science},
  volume    = {8843},
  pages     = {18--33},
  publisher = {Springer},
  year      = {2014}
}

# Shonky
@misc{McBride16,
  title={Shonky},
  author={Conor McBride},
  year=2016,
  note={\url{https://github.com/pigworker/shonky}}
}

# Haskell implementations
@inproceedings{KiselyovI15,
  author    = {Oleg Kiselyov and
               Hiromi Ishii},
  title     = {Freer monads, more extensible effects},
  booktitle = {Haskell},
  pages     = {94--105},
  publisher = {{ACM}},
  year      = 2015
}

@inproceedings{KiselyovSS13,
  author    = {Oleg Kiselyov and
               Amr Sabry and
               Cameron Swords},
  editor    = {Chung{-}chieh Shan},
  title     = {Extensible effects: an alternative to monad transformers},
  booktitle = {Proceedings of the 2013 {ACM} {SIGPLAN} Symposium on Haskell, Boston,
               MA, USA, September 23-24, 2013},
  pages     = {59--70},
  publisher = {{ACM}},
  year      = {2013},
  OPTurl       = {http://doi.acm.org/10.1145/2503778.2503791},
  OPTdoi       = {10.1145/2503778.2503791},
  timestamp = {Thu, 19 Sep 2013 11:34:51 +0200},
  biburl    = {http://dblp.uni-trier.de/rec/bib/conf/haskell/KiselyovSS13},
  bibsource = {dblp computer science bibliography, http://dblp.org}
}

@inproceedings{KammarLO13,
  author    = {Ohad Kammar and
               Sam Lindley and
               Nicolas Oury},
  title     = {Handlers in action},
  booktitle = {{ICFP}},
  pages     = {145--158},
  publisher = {{ACM}},
  year      = {2013}
}

@inproceedings{Kiselyov16,
  author    = {Oleg Kiselyov},
  title     = {Parameterized extensible effects and session types (extended abstract)},
  booktitle = {TyDe'16},
  pages     = {41--42},
  publisher = {{ACM}},
  year      = {2016},
  month     = sep
}

# Eff
@article{BauerP15,
  author    = {Andrej Bauer and
               Matija Pretnar},
  title     = {Programming with algebraic effects and handlers},
  journal   = {J. Log. Algebr. Meth. Program.},
  volume    = {84},
  number    = {1},
  pages     = {108--123},
  year      = {2015}
}

@inproceedings{KiselyovS16,
  author    = {Oleg Kiselyov and {KC} Sivaramakrishnan},
  title     = {{Eff} Directly in {OCaml}},
  howpublished = {{ML Workshop}},
  year      = {2016},
}

# OCaml implementation
@misc{DolanWSYM15,
  title = {Effective Concurrency through Algebraic Effects},
  author = {Stephen Dolan and Leo White and KC Sivaramakrishnan and Jeremy Yallop and Anil Madhavapeddy},
  year = {2015},
  month = {9},
  note = {OCaml Workshop}
}

@Misc{Sivaramakrishnan16,
  author = {KC Sivaramakrishnan},
  title  = {js\_of\_ocaml and algebraic effects},
  year   = 2016,
  month  = jan,
  note   = {YouTube video clip},
  url    = {https://www.youtube.com/watch?v=fqtM2-0-FOo}
}

# Leo's HOPE talk
@misc{White16,
  author = {Leo White},
  title  = {Effective programming: bringing algebraic effects and handlers to {OCaml}},
  year   = 2016,
  optmonth  = sep,
  howpublished = {Keynote at {HOPE}, Nara, Japan}
}

# Optimising handlers
@article{SchrijversDDW13,
  author    = {Tom Schrijvers and
               Bart Demoen and
               Benoit Desouter and
               Jan Wielemaker},
  title     = {Delimited continuations for {Prolog}},
  journal   = {{TPLP}},
  volume    = {13},
  number    = {4-5},
  pages     = {533--546},
  year      = {2013}
}

@article{SalehS16,
  author    = {Amr Hany Saleh and
               Tom Schrijvers},
  title     = {Efficient Algebraic Effect Handlers for {Prolog}},
  journal   = {{TPLP}},
  year      = {2016},
  note = {Proceedings of {ICLP}}
}

@inproceedings{WuS15,
  author    = {Nicolas Wu and
               Tom Schrijvers},
  title     = {Fusion for Free - Efficient Algebraic Effect Handlers},
  booktitle = {{MPC}},
  series    = {Lecture Notes in Computer Science},
  volume    = {9129},
  pages     = {302--322},
  publisher = {Springer},
  year      = {2015}
}

# Scoped effects
@inproceedings{WuSH14,
  author    = {Nicolas Wu and
               Tom Schrijvers and
               Ralf Hinze},
  title     = {Effect handlers in scope},
  booktitle = {Haskell},
  pages     = {1--12},
  publisher = {{ACM}},
  year      = {2014}
}

# Monads
@inproceedings{Moggi89,
  author    = {Eugenio Moggi},
  title     = {Computational Lambda-Calculus and Monads},
  booktitle = {{LICS}},
  pages     = {14--23},
  publisher = {{IEEE} Computer Society},
  year      = {1989}
}

@article{Moggi91,
  author    = {Eugenio Moggi},
  title     = {Notions of Computation and Monads},
  journal   = {Inf. Comput.},
  volume    = {93},
  number    = {1},
  pages     = {55--92},
  year      = {1991}
}

@inproceedings{Wadler92,
  author    = {Philip Wadler},
  title     = {The Essence of Functional Programming},
  booktitle = {{POPL}},
  pages     = {1--14},
  publisher = {{ACM} Press},
  year      = {1992}
}

@inproceedings{Wadler95,
  author    = {Philip Wadler},
  title     = {Monads for Functional Programming},
  booktitle = {Advanced Functional Programming},
  series    = {Lecture Notes in Computer Science},
  volume    = {925},
  pages     = {24--52},
  publisher = {Springer},
  year      = {1995}
}

@article{SinkovicsP13,
  author    = {{\'{A}}bel Sinkovics and
               Zolt{\'{a}}n Porkol{\'{a}}b},
  title     = {Implementing monads for {C++} template metaprograms},
  journal   = {Sci. Comput. Program.},
  volume    = {78},
  number    = {9},
  pages     = {1600--1621},
  year      = {2013}
}

# Links
@inproceedings{CooperLWY06,
  author    = {Ezra Cooper and
               Sam Lindley and
               Philip Wadler and
               Jeremy Yallop},
  title     = {Links: Web Programming Without Tiers},
  booktitle = {{FMCO}},
  series    = {Lecture Notes in Computer Science},
  volume    = {4709},
  pages     = {266--296},
  publisher = {Springer},
  year      = {2006}
}

# Misc
@article{Atkey09,
  author    = {Robert Atkey},
  title     = {Parameterised notions of computation},
  journal   = {J. Funct. Program.},
  volume    = {19},
  number    = {3-4},
  pages     = {335--376},
  year      = {2009}
}

@inproceedings{BruggemanWD96,
  title={Representing control in the presence of one-shot continuations},
  author={Bruggeman, Carl and Waddell, Oscar and Dybvig, R Kent},
  booktitle={ACM SIGPLAN Notices},
  volume={31},
  number={5},
  pages={99--107},
  year={1996},
  organization={ACM}
}